% Encoding: UTF-8

@Book{bib:one,
  title     = {数学建模方法及其应用},
  publisher = {北京：高等教育出版社},
  year      = {2009},
  author    = {韩中庚},
}

@article{bib:two,
  author = "Z. Wang and A. Bovik and H. Sheikh and E. Simoncelli",
  title = "A note on the perceived quality of images",
  journal = "IEEE Transactions on Image Processing",
  year = "2002",
  volume = "11",
  number = "12",
  pages = "1440--1450",
  month = "December",
  note = "ISSN 1057-7149",
}

@Book{bib:three,
  title     = {卷积神经网络的鲁棒性分析},
  publisher = {10.26991/d.cnki.gdllu.2022.001995.},
  year      = {2022},
  author    = {周东宁},
}

@Book{bib:four,
  title     = {Image database TID2013: Peculiarities, results and perspectives},
  publisher = {Signal Processing: Image Communication,vol. 30, pp. 57-77},
  year      = {Jan. 2015},
  author    = {N. Ponomarenko, L. Jin, O. Ieremeiev, V. Lukin, K. Egiazarian, J. Astola, B. Vozel, K. Chehdi, M. Carli, F. Battisti, C.-C. Jay Kuo},
}

@Book{bib:five,
  title     = {Color Image Database TID2013: Peculiarities and Preliminary Results},
  publisher = {Proceedings of 4th Europian Workshop on Visual Information Processing EUVIP2013, Paris, France, pp. 106-111},
  year      = {June 10-12, 2013},
  author    = { N. Ponomarenko, O. Ieremeiev, V. Lukin, K. Egiazarian, L. Jin, J. Astola, B. Vozel, K. Chehdi, M. Carli, F. Battisti, C.-C. Jay Kuo},
}

@Book{bib:six,
  title     = {A New Color Image Database TID2013: Innovations and Results},
  publisher = { Proceedings of ACIVS, Poznan, Poland, pp. 402-413},
  year      = {Oct. 2013,},
  author    = { N. Ponomarenko, O. Ieremeiev, V. Lukin, K. Egiazarian, L. Jin, J. Astola, B. Vozel, K. Chehdi, M. Carli, F. Battisti, C.-C. Jay Kuo},
}

@Book{bib:seven,
  title     = {Image quality assessment: from error visibility to structural similarity},
  publisher = { IEEE Transactions on Image Proc., vol. 13, issue 4, pp. 600-612},
  year      = {2004},
  author    = {Z. Wang、A. Bovik、H. Sheikh、E. Simoncelli},
}

@Book{bib:eight,
  title     = {Multi-scale structural similarity for image quality assessment},
  publisher = {Invited Paper, IEEE Asilomar Conference on Signals, Systems and Computers},
  year      = {2003},
  author    = { Z. Wang、E. P. Simoncelli and A. C. Bovik},
}

@Book{bib:nine,
  title     = {Image information and visual quality},
  publisher = {IEEE Transactions on Image Processing, Vol.15, no.2, pp. 430-444},
  year      = {2006},
  author    = {H.R. Sheikh.和 A.C. Bovik},
  }

@Book{bib:ten,
  title     = {面向计算机视觉任务的深度卷积神经网络鲁棒性研究},
  publisher = {10.26944/d.cnki.gbfju.2022.000192.},
  year      = {2022},
  author    = {姚杰},
}


@Comment{jabref-meta: databaseType:bibtex;}
